@book{ES1,
    shorthand={ES1},
    author = {Bollenbacher, Helmut and Liell, Peter},
    title = {ES1 - Digitaltechnik und Rechnerarchitektur},
    year = {2022},
    publisher = {Trier University of Applied Sciences},
}

@book{ES3,
    shorthand={ES3},
    author = {Bollenbacher, Helmut},
    title = {ES3 - Programmieren in C und Einführung in die Systemprogrammierung unter Linux},
    year = {2023},
    publisher = {Trier University of Applied Sciences},
}


@Inbook{Fri21,
    author="Fricke, Klaus",
    title="Mikroprozessoren",
    bookTitle="Digitaltechnik: Lehr- und {\"U}bungsbuch f{\"u}r Elektrotechniker und Informatiker",
    year="2021",
    publisher="Springer Fachmedien Wiesbaden",
    address="Wiesbaden",
    pages="232--269",
    abstract="Schaltwerke mit sehr vielen inneren Zust{\"a}nden, die zus{\"a}tzlich von einer Vielzahl von Eing{\"a}ngen abh{\"a}ngig sind, k{\"o}nnen mit den bisher gezeigten Methoden nur schwer entwickelt werden. Die Schwierigkeit liegt im gro{\ss}en Umfang der ben{\"o}tigten Zustandsfolgetabelle. Prinzipiell k{\"o}nnen daher mit den in diesem Buch beschriebenen Entwurfsverfahren nur einfache Schaltwerke konzipiert werden.",
    isbn="978-3-658-32537-4",
    doi="10.1007/978-3-658-32537-4_16",
    url="https://doi.org/10.1007/978-3-658-32537-4_16"
}

@book{TB24,
title =     {Modern Operating Systems, 5th Global Edition},
author =    {Andrew Tanenbaum, Herbert Bos},
publisher = {Pearson},
isbn =      {9781292459660; 1292459662; 9781292727899; 1292727896},
year =      {2024},
edition =   {5}
}

@Inbook{VW16h,
    author="Vossen, Gottfried
and Witt, Kurt-Ulrich",
    title="Typ-1- und Typ-0-Sprachen",
    bookTitle="Grundkurs Theoretische Informatik",
    year="2016",
    publisher="Springer Fachmedien Wiesbaden",
    address="Wiesbaden",
    pages="251--290",
    abstract="In Teil II haben wir gesehen, dass es -- sogar strukturell sehr einfache -- Sprachen gibt, die nicht durch kontextfreie Grammatiken erzeugt werden k{\"o}nnen. Bei kontextfreien Regeln k{\"o}nnen die rechten Seiten beliebige W{\"o}rter aus Terminal- und Nichtterminalsymbolen sein, die linken Seiten bestehen nur aus genau einem Nichtterminal.",
    isbn="978-3-8348-2202-4",
    doi="10.1007/978-3-8348-2202-4_8",
    url="https://doi.org/10.1007/978-3-8348-2202-4_8"
}

@book{Hof22,
    title = {{Theoretische Informatik}},
    author = {Hoffmann, Dirk W.},
    year = {2022},
    edition = {5., aktualisierte Auflage},
    publisher = {{Hanser}},
    address = {{M\"unchen}},
    isbn = {978-3-446-47029-3},
    langid = {german}
}

@Inbook{Man20e,
    author="Mandl, Peter",
    title="Prozesse und Threads",
    bookTitle="Grundkurs Betriebssysteme: Architekturen, Betriebsmittelverwaltung, Synchronisation, Prozesskommunikation, Virtualisierung",
    year="2020",
    publisher="Springer Fachmedien Wiesbaden",
    address="Wiesbaden",
    pages="73--98",
    abstract="Das Prozess- und das Threadmodell sind wesentliche Konzepte der Betriebssystementwicklung und dienen als grundlegende Bausteine der Parallelverarbeitung. In diesem Kapitel wird ein {\"U}berblick {\"u}ber diese beiden Modelle und deren allgemeine sowie spezielle Einbettung in Betriebssysteme gegeben. Prozesse sind Betriebsmittel, die vom Betriebssystem verwaltet werden. Threads werden je nach Implementierung entweder direkt vom Betriebssystem oder von einem Laufzeitsystem einer h{\"o}heren Programmiersprache (wie etwa der JVM) verwaltet.",
    isbn="978-3-658-30547-5",
    doi="10.1007/978-3-658-30547-5_4",
    url="https://doi.org/10.1007/978-3-658-30547-5_4"
}



@Inbook{Man20f,
    author="Mandl, Peter",
    title="CPU-Scheduling",
    bookTitle="Grundkurs Betriebssysteme: Architekturen, Betriebsmittelverwaltung, Synchronisation, Prozesskommunikation, Virtualisierung",
    year="2020",
    publisher="Springer Fachmedien Wiesbaden",
    address="Wiesbaden",
    pages="99--138",
    abstract="Die verf{\"u}gbare Rechenzeit muss vom Betriebssystem an die parallel ablaufenden bzw. nebenl{\"a}ufigen Aktivit{\"a}ten (Prozesse und Threads) zugewiesen werden. Bei Einprozessormaschinen wird eine einzige CPU (ein Rechnerkern oder Rechenkern) f{\"u}r mehrere Aktivit{\"a}ten genutzt. Bei Mehrprozessormaschinen und heutigen Multicore-Prozessoren stehen mehrere CPUs oder Rechnerkerne zur Verf{\"u}gung. Im letzteren Fall spricht man von echter Parallelit{\"a}t, da so viele Aktivit{\"a}ten ausgef{\"u}hrt werden k{\"o}nnen wie CPUs oder Rechnerkerne zur Verf{\"u}gung stehen.",
    isbn="978-3-658-30547-5",
    doi="10.1007/978-3-658-30547-5_5",
    url="https://doi.org/10.1007/978-3-658-30547-5_5"
}

@Inbook{Man20g,
    author="Mandl, Peter",
    title="Synchronisation und Kommunikation",
    bookTitle="Grundkurs Betriebssysteme: Architekturen, Betriebsmittelverwaltung, Synchronisation, Prozesskommunikation, Virtualisierung",
    year="2020",
    publisher="Springer Fachmedien Wiesbaden",
    address="Wiesbaden",
    pages="139--184",
    abstract="Bei der Parallelverarbeitung mit gleichzeitiger Nutzung gemeinsamer Betriebsmittel durch Prozesse bzw. durch Threads sind einige Herausforderungen zu bew{\"a}ltigen. Wenn man Prozesse oder Threads ohne Abstimmung mit gemeinsam genutzten Betriebsmitteln wie z. B. gemeinsam genutzte Speicherbereiche, arbeiten l{\"a}sst, kann es zu Inkonsistenzen oder sog. Race Conditions kommen. Lost-Updates oder andere Anomalien k{\"o}nnen die Folge sein.",
    isbn="978-3-658-30547-5",
    doi="10.1007/978-3-658-30547-5_6",
    url="https://doi.org/10.1007/978-3-658-30547-5_6"
}




@Inbook{VW16j,
    author="Vossen, Gottfried
and Witt, Kurt-Ulrich",
    title="Entscheidbarkeit",
    bookTitle="Grundkurs Theoretische Informatik",
    year="2016",
    publisher="Springer Fachmedien Wiesbaden",
    address="Wiesbaden",
    pages="353--381",
    abstract="Nachdem wir den Begriff Berechenbarkeit formal pr{\"a}zisiert und festgelegt haben, wann ein Problem berechenbar ist, und ein universelles Berechenbarkeitsmodell zur Verf{\"u}gung steht, interessiert uns die Frage, ob es nicht berechenbare Probleme gibt. In diesem Kapitel zeigen wir zun{\"a}chst die Existenz unentscheidbarer Probleme und geben dann konkrete unentscheidbare Probleme an, auch solche von praktischem Interesse bzw. hoher Aktualit{\"a}t. F{\"u}r diese Betrachtungen werden wir die Begriffe entscheidbare (rekursive) und semi-entscheidbare (rekursiv-aufz{\"a}hlbare) Mengen einf{\"u}hren und benutzen.",
    isbn="978-3-8348-2202-4",
    doi="10.1007/978-3-8348-2202-4_10",
    url="https://doi.org/10.1007/978-3-8348-2202-4_10"
}

@article{Han99,
    author = {Hansen, Per Brinch},
    title = {Java's insecure parallelism},
    year = {1999},
    issue_date = {April 1999},
    publisher = {Association for Computing Machinery},
    address = {New York, NY, USA},
    volume = {34},
    number = {4},
    issn = {0362-1340},
    url = {https://doi.org/10.1145/312009.312034},
    doi = {10.1145/312009.312034},
    abstract = {The author examines the synchronization features of Java and finds that they are insecure variants of his earliest ideas in parallel programming published in 1972-73. The claim that Java supports monitors is shown to be false. The author concludes that Java ignores the last twenty-five years of research in parallel programming languages.},
    journal = {SIGPLAN Not.},
    month = apr,
    pages = {38–45},
    numpages = {8},
    keywords = {security, programming languages, parallel programming, monitors, Java}
}

@Inbook{Man20h,
    author="Mandl, Peter",
    title="Hauptspeicherverwaltung",
    bookTitle="Grundkurs Betriebssysteme: Architekturen, Betriebsmittelverwaltung, Synchronisation, Prozesskommunikation, Virtualisierung",
    year="2020",
    publisher="Springer Fachmedien Wiesbaden",
    address="Wiesbaden",
    pages="185--238",
    abstract="Dieses Kapitel befasst sich mit der Speicherverwaltung und zwar insbesondere mit der Verwaltung des Hauptspeichers. In Multitasking-Betriebssystemen nutzt man heute meist die virtuelle Speichertechnik mit diversen Optimierungsm{\"o}glichkeiten im Demand-Paging-Verfahren. Deshalb bildet die virtuelle Speichertechnik den Schwerpunkt des Kapitels, aber auch auf {\"a}ltere Verfahren wie Overlay-Technik und auf Swapping wird eingegangen.",
    isbn="978-3-658-30547-5",
    doi="10.1007/978-3-658-30547-5_7",
    url="https://doi.org/10.1007/978-3-658-30547-5_7"
}

