@book{BL21,
    author = {Bollenbacher, Helmut and Liell, Peter},
    title = {ES1 - Digitaltechnik und Rechnerarchitektur},
    year = {2021},
    publisher = {Trier University of Applied Sciences},
}

@Inbook{Fri21,
    author="Fricke, Klaus",
    title="Mikroprozessoren",
    bookTitle="Digitaltechnik: Lehr- und {\"U}bungsbuch f{\"u}r Elektrotechniker und Informatiker",
    year="2021",
    publisher="Springer Fachmedien Wiesbaden",
    address="Wiesbaden",
    pages="232--269",
    abstract="Schaltwerke mit sehr vielen inneren Zust{\"a}nden, die zus{\"a}tzlich von einer Vielzahl von Eing{\"a}ngen abh{\"a}ngig sind, k{\"o}nnen mit den bisher gezeigten Methoden nur schwer entwickelt werden. Die Schwierigkeit liegt im gro{\ss}en Umfang der ben{\"o}tigten Zustandsfolgetabelle. Prinzipiell k{\"o}nnen daher mit den in diesem Buch beschriebenen Entwurfsverfahren nur einfache Schaltwerke konzipiert werden.",
    isbn="978-3-658-32537-4",
    doi="10.1007/978-3-658-32537-4_16",
    url="https://doi.org/10.1007/978-3-658-32537-4_16"
}

@book{TB24,
title =     {Modern Operating Systems, 5th Global Edition},
author =    {Andrew Tanenbaum, Herbert Bos},
publisher = {Pearson},
isbn =      {9781292459660; 1292459662; 9781292727899; 1292727896},
year =      {2024},
edition =   {5}
}

@Inbook{VW16h,
    author="Vossen, Gottfried
and Witt, Kurt-Ulrich",
    title="Typ-1- und Typ-0-Sprachen",
    bookTitle="Grundkurs Theoretische Informatik",
    year="2016",
    publisher="Springer Fachmedien Wiesbaden",
    address="Wiesbaden",
    pages="251--290",
    abstract="In Teil II haben wir gesehen, dass es -- sogar strukturell sehr einfache -- Sprachen gibt, die nicht durch kontextfreie Grammatiken erzeugt werden k{\"o}nnen. Bei kontextfreien Regeln k{\"o}nnen die rechten Seiten beliebige W{\"o}rter aus Terminal- und Nichtterminalsymbolen sein, die linken Seiten bestehen nur aus genau einem Nichtterminal.",
    isbn="978-3-8348-2202-4",
    doi="10.1007/978-3-8348-2202-4_8",
    url="https://doi.org/10.1007/978-3-8348-2202-4_8"
}
